<?xml version="1.0" encoding="UTF-8"?><collection xmlns="http://www.loc.gov/MARC21/slim"><record><leader>00402nam--2200145-i-4500</leader><controlfield tag="001">000013078</controlfield><controlfield tag="002">20161230</controlfield><controlfield tag="005">20161230201030</controlfield><controlfield tag="008">060222s1000------------r-----000-0-eng-d</controlfield><datafield ind1=" " ind2=" " tag="080"><subfield code="a">577.L:577.31</subfield></datafield><datafield ind1=" " ind2=" " tag="245"><subfield code="a">Biochemical thermodynamics</subfield></datafield><datafield ind1=" " ind2=" " tag="260"><subfield code="a">Amsterdam, Elsevier Scientific Publishing Comp Any,1979. Xi + #*(P</subfield></datafield><datafield ind1=" " ind2=" " tag="490"><subfield code="a">Studies In Modern Thermodinamics</subfield></datafield><datafield ind1=" " ind2=" " tag="700"><subfield code="a">Jones, M.N</subfield></datafield><datafield ind1=" " ind2=" " tag="852"><subfield code="a">47056</subfield></datafield></record></collection>